<record><leader>00000cas a22000007a 4500</leader><controlfield tag="001">20085830</controlfield><controlfield tag="008">890728d18851908mouwr ne      0    0eng d</controlfield><datafield ind1=" " ind2=" " tag="010"><subfield code="a">sn 89066866 </subfield></datafield><datafield ind1=" " ind2=" " tag="040"><subfield code="a">MQN</subfield><subfield code="b">eng</subfield><subfield code="c">MQN</subfield><subfield code="d">OCL</subfield><subfield code="d">MQN</subfield><subfield code="d">OCLCQ</subfield></datafield><datafield ind1=" " ind2=" " tag="042"><subfield code="a">msc</subfield></datafield><datafield ind1="0" ind2=" " tag="130"><subfield code="a">Advance (Higginsville, Mo.)</subfield></datafield><datafield ind1="1" ind2="4" tag="245"><subfield code="a">The advance.</subfield></datafield><datafield ind1=" " ind2=" " tag="260"><subfield code="a">Higginsville, Mo. :</subfield><subfield code="b">Kleinschmidt and Schwartz</subfield></datafield><datafield ind1=" " ind2=" " tag="300"><subfield code="a">v.</subfield></datafield><datafield ind1=" " ind2=" " tag="310"><subfield code="a">Weekly</subfield></datafield><datafield ind1="1" ind2=" " tag="362"><subfield code="a">Began in 1885.</subfield><subfield code="z">Cf. Ayer.</subfield></datafield><datafield ind1="0" ind2=" " tag="362"><subfield code="a">-v. 29, no. 10 (Feb. 7, 1908).</subfield></datafield><datafield ind1=" " ind2=" " tag="588"><subfield code="a">Description based on: Vol. 12, no. [16] (Jan. 3, 1891).</subfield></datafield><datafield ind1=" " ind2="4" tag="651"><subfield code="a">Higginsville (Mo.)</subfield><subfield code="v">Newspapers.</subfield></datafield><datafield ind1=" " ind2=" " tag="752"><subfield code="a">United States</subfield><subfield code="b">Missouri</subfield><subfield code="c">Lafayette</subfield><subfield code="d">Higginsville.</subfield></datafield><datafield ind1="0" ind2="0" tag="780"><subfield code="t">Lafayette County advance</subfield></datafield><datafield ind1="0" ind2="5" tag="780"><subfield code="t">Leader (Higginsville, Mo. : 1901)</subfield><subfield code="w">(DLC)sn 89066871</subfield></datafield><datafield ind1="0" ind2="0" tag="785"><subfield code="t">Higginsville advance</subfield><subfield code="w">(DLC)sn 89066870</subfield></datafield></record>